<?xml version="1.0" encoding="UTF-8"?><record xmlns="http://www.loc.gov/MARC21/slim" xmlns:cinclude="http://apache.org/cocoon/include/1.0" xmlns:zs="http://www.loc.gov/zing/srw/">
  <leader>00491nz  a2200157n  4500</leader>
  <controlfield tag="001">no2001098157</controlfield>
  <controlfield tag="003">DLC</controlfield>
  <controlfield tag="005">20011212071028.0</controlfield>
  <controlfield tag="008">011211n| acannaabn          |a aaa     c</controlfield>
  <datafield tag="010" ind1=" " ind2=" ">
    <subfield code="a">no2001098157</subfield>
  </datafield>
  <datafield tag="035" ind1=" " ind2=" ">
    <subfield code="a">(OCoLC)oca05645387</subfield>
  </datafield>
  <datafield tag="040" ind1=" " ind2=" ">
    <subfield code="a">PPiU</subfield>
    <subfield code="b">eng</subfield>
    <subfield code="c">PPiU</subfield>
  </datafield>
  <datafield tag="100" ind1="1" ind2=" ">
    <subfield code="a">Tumpa</subfield>
  </datafield>
  <datafield tag="400" ind1="1" ind2=" ">
    <subfield code="a">Calani Cosso, Zenón</subfield>
  </datafield>
  <datafield tag="400" ind1="1" ind2=" ">
    <subfield code="a">Cosso, Zenón Calani</subfield>
  </datafield>
  <datafield tag="670" ind1=" " ind2=" ">
    <subfield code="a">Fabulas de Bolivia, 2000:</subfield>
    <subfield code="b">t.p. (Tumpa) p. 3 (autor: Zenón Calani Cosso, seudónimo artístico: Tumpa) back cover (b. in Sucre)</subfield>
  </datafield>
</record>